@ARTICLE{2010PhRvL.105w5002U,
       author = {{Uzdensky}, D.~A. and {Loureiro}, N.~F. and {Schekochihin}, A.~A.},
        title = "{Fast Magnetic Reconnection in the Plasmoid-Dominated Regime}",
      journal = {\prl},
     keywords = {52.35.Vd, 52.35.Py, 94.30.cp, 96.60.Iv, Magnetic reconnection, Macroinstabilities, Astrophysics - Solar and Stellar Astrophysics, Physics - Plasma Physics},
         year = 2010,
        month = dec,
       volume = {105},
       number = {23},
          eid = {235002},
        pages = {235002},
          doi = {10.1103/PhysRevLett.105.235002},
archivePrefix = {arXiv},
       eprint = {1008.3330},
 primaryClass = {astro-ph.SR},
       adsurl = {https://ui.adsabs.harvard.edu/abs/2010PhRvL.105w5002U},
      adsnote = {Provided by the SAO/NASA Astrophysics Data System}
}


@ARTICLE{2007PhPl...14j0703L,
       author = {{Loureiro}, N.~F. and {Schekochihin}, A.~A. and {Cowley}, S.~C.},
        title = "{Instability of current sheets and formation of plasmoid chains}",
      journal = {Physics of Plasmas},
     keywords = {52.35.Vd, 52.35.Py, 94.30.-d, 94.30.cp, 96.60.Iv, Magnetic reconnection, Macroinstabilities, Physics of the magnetosphere, Astrophysics, Physics - Plasma Physics, Physics - Space Physics},
         year = 2007,
        month = oct,
       volume = {14},
       number = {10},
        pages = {100703-100703},
          doi = {10.1063/1.2783986},
archivePrefix = {arXiv},
       eprint = {astro-ph/0703631},
 primaryClass = {astro-ph},
       adsurl = {https://ui.adsabs.harvard.edu/abs/2007PhPl...14j0703L},
      adsnote = {Provided by the SAO/NASA Astrophysics Data System}
}


@ARTICLE{2019MNRAS.484.1378G,
       author = {{Giannios}, D. and {Uzdensky}, D.~A.},
        title = "{GRB and blazar jets shining through their stripes}",
      journal = {\mnras},
     keywords = {relativistic processes, BL Lacertae objects: general, galaxies: jets, gamma-ray burst: general, Astrophysics - High Energy Astrophysical Phenomena},
         year = 2019,
        month = mar,
       volume = {484},
       number = {1},
        pages = {1378-1389},
          doi = {10.1093/mnras/stz082},
archivePrefix = {arXiv},
       eprint = {1805.09343},
 primaryClass = {astro-ph.HE},
       adsurl = {https://ui.adsabs.harvard.edu/abs/2019MNRAS.484.1378G},
      adsnote = {Provided by the SAO/NASA Astrophysics Data System}
}


@ARTICLE{2013MNRAS.431..355G,
       author = {{Giannios}, Dimitrios},
        title = "{Reconnection-driven plasmoids in blazars: fast flares on a slow envelope}",
      journal = {\mnras},
     keywords = {galaxies: active, BL Lacertae objects: individual: PKS 1222+216, BL Lacertae objects: individual: PKS 2155-304, gamma rays: general, Astrophysics - High Energy Astrophysical Phenomena},
         year = 2013,
        month = may,
       volume = {431},
       number = {1},
        pages = {355-363},
          doi = {10.1093/mnras/stt167},
archivePrefix = {arXiv},
       eprint = {1211.0296},
 primaryClass = {astro-ph.HE},
       adsurl = {https://ui.adsabs.harvard.edu/abs/2013MNRAS.431..355G},
      adsnote = {Provided by the SAO/NASA Astrophysics Data System}
}


@ARTICLE{2018MNRAS.481.5687P,
       author = {{Petropoulou}, Maria and {Sironi}, Lorenzo},
        title = "{The steady growth of the high-energy spectral cut-off in relativistic magnetic reconnection}",
      journal = {\mnras},
     keywords = {magnetic reconnection, radiation mechanisms: non-thermal, gamma-ray burst: general, pulsars: general, galaxies: jets, Astrophysics - High Energy Astrophysical Phenomena},
         year = "2018",
        month = "Dec",
       volume = {481},
       number = {4},
        pages = {5687-5701},
          doi = {10.1093/mnras/sty2702},
archivePrefix = {arXiv},
       eprint = {1808.00966},
 primaryClass = {astro-ph.HE},
       adsurl = {https://ui.adsabs.harvard.edu/abs/2018MNRAS.481.5687P},
      adsnote = {Provided by the SAO/NASA Astrophysics Data System}
}

@INPROCEEDINGS{2005AIPC..801..345S,
       author = {{Spitkovsky}, Anatoly},
        title = "{Simulations of relativistic collisionless shocks: shock structure and particle acceleration}",
     keywords = {astrophysical plasma, relativistic plasmas, plasma simulation, plasma shock waves, acceleration, 95.30.Qd, 52.27.Ny, 52.27.Ep, 52.65.Rr, 52.35.Tc, Magnetohydrodynamics and plasmas, Relativistic plasmas, Electron-positron plasmas, Particle-in-cell method, Shock waves and discontinuities, Astrophysics},
    booktitle = {Astrophysical Sources of High Energy Particles and Radiation},
         year = 2005,
       editor = {{Bulik}, Tomasz and {Rudak}, Bronislaw and {Madejski}, Grzegorz},
       series = {American Institute of Physics Conference Series},
       volume = {801},
        month = nov,
        pages = {345-350},
          doi = {10.1063/1.2141897},
archivePrefix = {arXiv},
       eprint = {astro-ph/0603211},
 primaryClass = {astro-ph},
       adsurl = {https://ui.adsabs.harvard.edu/abs/2005AIPC..801..345S},
      adsnote = {Provided by the SAO/NASA Astrophysics Data System}
}

% MHD >

@ARTICLE{2005PhRvL..95w5003L,
       author = {{Loureiro}, N.~F. and {Cowley}, S.~C. and {Dorland}, W.~D. and
         {Haines}, M.~G. and {Schekochihin}, A.~A.},
        title = "{X-Point Collapse and Saturation in the Nonlinear Tearing Mode Reconnection}",
      journal = {\prl},
     keywords = {52.35.Vd, 52.35.Py, 52.65.Kj, Magnetic reconnection, Macroinstabilities, Magnetohydrodynamic and fluid equation, Physics - Plasma Physics, Physics - Space Physics, Astrophysics},
         year = "2005",
        month = "Dec",
       volume = {95},
       number = {23},
          eid = {235003},
        pages = {235003},
          doi = {10.1103/PhysRevLett.95.235003},
archivePrefix = {arXiv},
       eprint = {physics/0507206},
 primaryClass = {physics.plasm-ph},
       adsurl = {https://ui.adsabs.harvard.edu/abs/2005PhRvL..95w5003L},
      adsnote = {Provided by the SAO/NASA Astrophysics Data System}
}

@ARTICLE{2010PhPl...17f2104H,
       author = {{Huang}, Yi-Min and {Bhattacharjee}, A.},
        title = "{Scaling laws of resistive magnetohydrodynamic reconnection in the high-Lundquist-number, plasmoid-unstable regime}",
      journal = {Physics of Plasmas},
     keywords = {current density, magnetic reconnection, plasma instability, plasma magnetohydrodynamics, random noise, 52.30.Cv, 52.35.Py, 52.25.Fi, Magnetohydrodynamics, Macroinstabilities, Transport properties, Physics - Plasma Physics, Astrophysics - Solar and Stellar Astrophysics},
         year = "2010",
        month = "Jun",
       volume = {17},
       number = {6},
        pages = {062104-062104},
          doi = {10.1063/1.3420208},
archivePrefix = {arXiv},
       eprint = {1003.5951},
 primaryClass = {physics.plasm-ph},
       adsurl = {https://ui.adsabs.harvard.edu/abs/2010PhPl...17f2104H},
      adsnote = {Provided by the SAO/NASA Astrophysics Data System}
}

% < MHD

% PIC >
@ARTICLE{2001ApJ...562L..63Z,
       author = {{Zenitani}, S. and {Hoshino}, M.},
        title = "{The Generation of Nonthermal Particles in the Relativistic Magnetic Reconnection of Pair Plasmas}",
      journal = {\apjl},
     keywords = {Acceleration of Particles, Magnetic Fields, Plasmas, Stars: Pulsars: Individual: Name: Crab Nebula, Relativity, Stars: Winds, Outflows, Astrophysics - High Energy Astrophysical Phenomena},
         year = "2001",
        month = "Nov",
       volume = {562},
       number = {1},
        pages = {L63-L66},
          doi = {10.1086/337972},
archivePrefix = {arXiv},
       eprint = {1402.7139},
 primaryClass = {astro-ph.HE},
       adsurl = {https://ui.adsabs.harvard.edu/abs/2001ApJ...562L..63Z},
      adsnote = {Provided by the SAO/NASA Astrophysics Data System}
}

@ARTICLE{2012ApJ...750..129B,
       author = {{Bessho}, Naoki and {Bhattacharjee}, A.},
        title = "{Fast Magnetic Reconnection and Particle Acceleration in Relativistic Low-density Electron-Positron Plasmas without Guide Field}",
      journal = {\apj},
     keywords = {acceleration of particles, magnetic reconnection, methods: numerical, plasmas, relativistic processes},
         year = "2012",
        month = "May",
       volume = {750},
       number = {2},
          eid = {129},
        pages = {129},
          doi = {10.1088/0004-637X/750/2/129},
       adsurl = {https://ui.adsabs.harvard.edu/abs/2012ApJ...750..129B},
      adsnote = {Provided by the SAO/NASA Astrophysics Data System}
}

@ARTICLE{2014ApJ...783L..21S,
       author = {{Sironi}, Lorenzo and {Spitkovsky}, Anatoly},
        title = "{Relativistic Reconnection: An Efficient Source of Non-thermal Particles}",
      journal = {\apjl},
     keywords = {acceleration of particles, galaxies: jets, gamma-ray burst: general, magnetic reconnection, pulsars: general, radiation mechanisms: non-thermal, Astrophysics - High Energy Astrophysical Phenomena, Physics - Plasma Physics},
         year = "2014",
        month = "Mar",
       volume = {783},
       number = {1},
          eid = {L21},
        pages = {L21},
          doi = {10.1088/2041-8205/783/1/L21},
archivePrefix = {arXiv},
       eprint = {1401.5471},
 primaryClass = {astro-ph.HE},
       adsurl = {https://ui.adsabs.harvard.edu/abs/2014ApJ...783L..21S},
      adsnote = {Provided by the SAO/NASA Astrophysics Data System}
}

% < PIC

% OTHER INTRO >

@ARTICLE{2008JPlPh..74..749B,
       author = {{Balikhin}, M. and {Gedalin}, M.},
        title = "{Generalization of the Harris current sheet model for non-relativistic, relativistic and pair plasmas}",
      journal = {Journal of Plasma Physics},
         year = "2008",
        month = "Dec",
       volume = {74},
       number = {6},
        pages = {749-763},
          doi = {10.1017/S002237780800723X},
       adsurl = {https://ui.adsabs.harvard.edu/abs/2008JPlPh..74..749B},
      adsnote = {Provided by the SAO/NASA Astrophysics Data System}
}

@ARTICLE{2014PhRvL.113o5005G,
       author = {{Guo}, Fan and {Li}, Hui and {Daughton}, William and {Liu}, Yi-Hsin},
        title = "{Formation of Hard Power Laws in the Energetic Particle Spectra Resulting from Relativistic Magnetic Reconnection}",
      journal = {\prl},
     keywords = {52.27.Ny, 52.35.Vd, 98.54.Cm, 98.70.Rz, Relativistic plasmas, Magnetic reconnection, Active and peculiar galaxies and related systems, gamma-ray sources, gamma-ray bursts, Astrophysics - High Energy Astrophysical Phenomena, Astrophysics - Solar and Stellar Astrophysics, Physics - Plasma Physics, Physics - Space Physics},
         year = "2014",
        month = "Oct",
       volume = {113},
       number = {15},
          eid = {155005},
        pages = {155005},
          doi = {10.1103/PhysRevLett.113.155005},
archivePrefix = {arXiv},
       eprint = {1405.4040},
 primaryClass = {astro-ph.HE},
       adsurl = {https://ui.adsabs.harvard.edu/abs/2014PhRvL.113o5005G},
      adsnote = {Provided by the SAO/NASA Astrophysics Data System}
}

@ARTICLE{2016ApJ...816L...8W,
       author = {{Werner}, G.~R. and {Uzdensky}, D.~A. and {Cerutti}, B. and
         {Nalewajko}, K. and {Begelman}, M.~C.},
        title = "{The Extent of Power-law Energy Spectra in Collisionless Relativistic Magnetic Reconnection in Pair Plasmas}",
      journal = {\apjl},
     keywords = {acceleration of particles, galaxies: jets, gamma-ray burst: general, magnetic reconnection, pulsars: general, relativistic processes, Astrophysics - High Energy Astrophysical Phenomena},
         year = "2016",
        month = "Jan",
       volume = {816},
       number = {1},
          eid = {L8},
        pages = {L8},
          doi = {10.3847/2041-8205/816/1/L8},
archivePrefix = {arXiv},
       eprint = {1409.8262},
 primaryClass = {astro-ph.HE},
       adsurl = {https://ui.adsabs.harvard.edu/abs/2016ApJ...816L...8W},
      adsnote = {Provided by the SAO/NASA Astrophysics Data System}
}

% < OTHER INTRO

% 
@ARTICLE{2003ApJ...586...72L,
       author = {{Larrabee}, D.~A. and {Lovelace}, R.~V.~E. and {Romanova}, M.~M.},
        title = "{Lepton Acceleration by Relativistic Collisionless Magnetic Reconnection}",
      journal = {\apj},
     keywords = {Acceleration of Particles, Galaxies: Jets, Magnetic Fields, Magnetohydrodynamics: MHD, Plasmas, Astrophysics},
         year = 2003,
        month = mar,
       volume = {586},
       number = {1},
        pages = {72-78},
          doi = {10.1086/367640},
archivePrefix = {arXiv},
       eprint = {astro-ph/0210045},
 primaryClass = {astro-ph},
       adsurl = {https://ui.adsabs.harvard.edu/abs/2003ApJ...586...72L},
      adsnote = {Provided by the SAO/NASA Astrophysics Data System}
}


@ARTICLE{2008ApJ...682.1436L,
       author = {{Lyubarsky}, Yuri and {Liverts}, Michael},
        title = "{Particle Acceleration in the Driven Relativistic Reconnection}",
      journal = {\apj},
     keywords = {acceleration of particles, magnetic fields, plasmas, Astrophysics},
         year = 2008,
        month = aug,
       volume = {682},
       number = {2},
        pages = {1436-1442},
          doi = {10.1086/589640},
archivePrefix = {arXiv},
       eprint = {0805.0085},
 primaryClass = {astro-ph},
       adsurl = {https://ui.adsabs.harvard.edu/abs/2008ApJ...682.1436L},
      adsnote = {Provided by the SAO/NASA Astrophysics Data System}
}

@ARTICLE{2006Natur.443..553D,
       author = {{Drake}, J.~F. and {Swisdak}, M. and {Che}, H. and {Shay}, M.~A.},
        title = "{Electron acceleration from contracting magnetic islands during reconnection}",
      journal = {\nat},
         year = 2006,
        month = oct,
       volume = {443},
       number = {7111},
        pages = {553-556},
          doi = {10.1038/nature05116},
       adsurl = {https://ui.adsabs.harvard.edu/abs/2006Natur.443..553D},
      adsnote = {Provided by the SAO/NASA Astrophysics Data System}
}


@ARTICLE{2015ApJ...806..167G,
       author = {{Guo}, Fan and {Liu}, Yi-Hsin and {Daughton}, William and {Li}, Hui},
        title = "{Particle Acceleration and Plasma Dynamics during Magnetic Reconnection in the Magnetically Dominated Regime}",
      journal = {\apj},
     keywords = {acceleration of particles, galaxies: jets, gamma-ray burst: general, magnetic reconnection, pulsars: general, relativistic processes, Astrophysics - High Energy Astrophysical Phenomena, Astrophysics - Solar and Stellar Astrophysics, Physics - Plasma Physics, Physics - Space Physics},
         year = 2015,
        month = jun,
       volume = {806},
       number = {2},
          eid = {167},
        pages = {167},
          doi = {10.1088/0004-637X/806/2/167},
archivePrefix = {arXiv},
       eprint = {1504.02193},
 primaryClass = {astro-ph.HE},
       adsurl = {https://ui.adsabs.harvard.edu/abs/2015ApJ...806..167G},
      adsnote = {Provided by the SAO/NASA Astrophysics Data System}
}

@ARTICLE{2005PhRvL..95i5001Z,
       author = {{Zenitani}, S. and {Hoshino}, M.},
        title = "{Three-Dimensional Evolution of a Relativistic Current Sheet: Triggering of Magnetic Reconnection by the Guide Field}",
      journal = {\prl},
     keywords = {52.27.Ep, 52.27.Ny, 52.65.Rr, 95.30.Qd, Electron-positron plasmas, Relativistic plasmas, Particle-in-cell method, Magnetohydrodynamics and plasmas, Astrophysics},
         year = 2005,
        month = aug,
       volume = {95},
       number = {9},
          eid = {095001},
        pages = {095001},
          doi = {10.1103/PhysRevLett.95.095001},
archivePrefix = {arXiv},
       eprint = {astro-ph/0505493},
 primaryClass = {astro-ph},
       adsurl = {https://ui.adsabs.harvard.edu/abs/2005PhRvL..95i5001Z},
      adsnote = {Provided by the SAO/NASA Astrophysics Data System}
}

@ARTICLE{2005ApJ...618L.111Z,
       author = {{Zenitani}, S. and {Hoshino}, M.},
        title = "{Relativistic Particle Acceleration in a Folded Current Sheet}",
      journal = {\apjl},
     keywords = {Acceleration of Particles, Instabilities, Magnetic Fields, Plasmas, Stars: Pulsars: Individual: Name: Crab Pulsar, Relativity, Astrophysics},
         year = 2005,
        month = jan,
       volume = {618},
       number = {2},
        pages = {L111-L114},
          doi = {10.1086/427873},
archivePrefix = {arXiv},
       eprint = {astro-ph/0411373},
 primaryClass = {astro-ph},
       adsurl = {https://ui.adsabs.harvard.edu/abs/2005ApJ...618L.111Z},
      adsnote = {Provided by the SAO/NASA Astrophysics Data System}
}

@ARTICLE{1977PhFl...20.1341D,
       author = {{Drake}, J.~F. and {Lee}, Y.~C.},
        title = "{Kinetic theory of tearing instabilities}",
      journal = {Physics of Fluids},
     keywords = {Collisional Plasmas, Collisionless Plasmas, Kinetic Theory, Magnetohydrodynamic Stability, Tokamak Devices, Fokker-Planck Equation, Heuristic Methods, Plasma Density, Plasma Layers, Plasma Slabs, Temperature Effects, Plasma Physics},
         year = 1977,
        month = aug,
       volume = {20},
       number = {8},
        pages = {1341-1353},
          doi = {10.1063/1.862017},
       adsurl = {https://ui.adsabs.harvard.edu/abs/1977PhFl...20.1341D},
      adsnote = {Provided by the SAO/NASA Astrophysics Data System}
}

@ARTICLE{2006GeoRL..3313105D,
       author = {{Drake}, J.~F. and {Swisdak}, M. and {Schoeffler}, K.~M. and
         {Rogers}, B.~N. and {Kobayashi}, S.},
        title = "{Formation of secondary islands during magnetic reconnection}",
      journal = {\grl},
     keywords = {Space Plasma Physics: Magnetic reconnection (2723, 7526), Magnetospheric Physics: Magnetic reconnection (7526, 7835), Solar Physics, Astrophysics, and Astronomy: Magnetic reconnection (2723, 7835), Magnetospheric Physics: Magnetopause and boundary layers},
         year = 2006,
        month = jul,
       volume = {33},
       number = {13},
          eid = {L13105},
        pages = {L13105},
          doi = {10.1029/2006GL025957},
       adsurl = {https://ui.adsabs.harvard.edu/abs/2006GeoRL..3313105D},
      adsnote = {Provided by the SAO/NASA Astrophysics Data System}
}

@ARTICLE{2019MNRAS.482L..60W,
       author = {{Werner}, Gregory R. and {Philippov}, Alexander A. and
         {Uzdensky}, Dmitri A.},
        title = "{Particle acceleration in relativistic magnetic reconnection with strong inverse-Compton cooling in pair plasmas}",
      journal = {\mnras},
     keywords = {acceleration of particles, accretion, accretion discs, magnetic reconnection, radiation mechanisms: general, galaxies: jets, X-rays: binaries, Astrophysics - High Energy Astrophysical Phenomena, Physics - Plasma Physics},
         year = 2019,
        month = jan,
       volume = {482},
       number = {1},
        pages = {L60-L64},
          doi = {10.1093/mnrasl/sly157},
archivePrefix = {arXiv},
       eprint = {1805.01910},
 primaryClass = {astro-ph.HE},
       adsurl = {https://ui.adsabs.harvard.edu/abs/2019MNRAS.482L..60W},
      adsnote = {Provided by the SAO/NASA Astrophysics Data System}
}

@ARTICLE{2019ApJ...877...53H,
       author = {{Hakobyan}, Hayk and {Philippov}, Alexander and {Spitkovsky}, Anatoly},
        title = "{Effects of Synchrotron Cooling and Pair Production on Collisionless Relativistic Reconnection}",
      journal = {\apj},
     keywords = {acceleration of particles, gamma rays: stars, magnetic reconnection, plasmas, pulsars: general, radiation mechanisms: non-thermal, Astrophysics - High Energy Astrophysical Phenomena},
         year = 2019,
        month = may,
       volume = {877},
       number = {1},
          eid = {53},
        pages = {53},
          doi = {10.3847/1538-4357/ab191b},
archivePrefix = {arXiv},
       eprint = {1809.10772},
 primaryClass = {astro-ph.HE},
       adsurl = {https://ui.adsabs.harvard.edu/abs/2019ApJ...877...53H},
      adsnote = {Provided by the SAO/NASA Astrophysics Data System}
}

%%% OBS

@ARTICLE{2019MNRAS.482...65C,
       author = {{Christie}, I.~M. and {Petropoulou}, M. and {Sironi}, L. and
         {Giannios}, D.},
        title = "{Radiative signatures of plasmoid-dominated reconnection in blazar jets}",
      journal = {\mnras},
     keywords = {magnetic reconnection, radiation mechanisms: non-thermal, galaxies: jets, Astrophysics - High Energy Astrophysical Phenomena},
         year = 2019,
        month = jan,
       volume = {482},
       number = {1},
        pages = {65-82},
          doi = {10.1093/mnras/sty2636},
archivePrefix = {arXiv},
       eprint = {1807.08041},
 primaryClass = {astro-ph.HE},
       adsurl = {https://ui.adsabs.harvard.edu/abs/2019MNRAS.482...65C},
      adsnote = {Provided by the SAO/NASA Astrophysics Data System}
}

@ARTICLE{2016MNRAS.462.3325P,
       author = {{Petropoulou}, Maria and {Giannios}, Dimitrios and {Sironi}, Lorenzo},
        title = "{Blazar flares powered by plasmoids in relativistic reconnection}",
      journal = {\mnras},
     keywords = {acceleration of particles, magnetic reconnection, radiation mechanisms: non-thermal, galaxies: active, Astrophysics - High Energy Astrophysical Phenomena},
         year = 2016,
        month = nov,
       volume = {462},
       number = {3},
        pages = {3325-3343},
          doi = {10.1093/mnras/stw1832},
archivePrefix = {arXiv},
       eprint = {1606.07447},
 primaryClass = {astro-ph.HE},
       adsurl = {https://ui.adsabs.harvard.edu/abs/2016MNRAS.462.3325P},
      adsnote = {Provided by the SAO/NASA Astrophysics Data System}
}

@ARTICLE{2020MNRAS.495.1549N,
       author = {{Nathanail}, Antonios and {Fromm}, Christian M. and {Porth}, Oliver and {Olivares}, Hector and {Younsi}, Ziri and {Mizuno}, Yosuke and {Rezzolla}, Luciano},
        title = "{Plasmoid formation in global GRMHD simulations and AGN flares}",
      journal = {\mnras},
     keywords = {accretion, accretion discs, black hole physics, magnetic reconnection, Astrophysics - High Energy Astrophysical Phenomena, General Relativity and Quantum Cosmology},
         year = 2020,
        month = jun,
       volume = {495},
       number = {2},
        pages = {1549-1565},
          doi = {10.1093/mnras/staa1165},
archivePrefix = {arXiv},
       eprint = {2002.01777},
 primaryClass = {astro-ph.HE},
       adsurl = {https://ui.adsabs.harvard.edu/abs/2020MNRAS.495.1549N},
      adsnote = {Provided by the SAO/NASA Astrophysics Data System}
}



@ARTICLE{2008MNRAS.385..283C,
       author = {{Celotti}, Annalisa and {Ghisellini}, Gabriele},
        title = "{The power of blazar jets}",
      journal = {\mnras},
     keywords = {radiation mechanisms: non-thermal, galaxies: active, galaxies: jets, Astrophysics},
         year = 2008,
        month = mar,
       volume = {385},
       number = {1},
        pages = {283-300},
          doi = {10.1111/j.1365-2966.2007.12758.x},
archivePrefix = {arXiv},
       eprint = {0711.4112},
 primaryClass = {astro-ph},
       adsurl = {https://ui.adsabs.harvard.edu/abs/2008MNRAS.385..283C},
      adsnote = {Provided by the SAO/NASA Astrophysics Data System}
}



@ARTICLE{2010MNRAS.401.1570T,
       author = {{Tavecchio}, F. and {Ghisellini}, G. and {Ghirlanda}, G. and
         {Foschini}, L. and {Maraschi}, L.},
        title = "{TeV BL Lac objects at the dawn of the Fermi era}",
      journal = {\mnras},
     keywords = {radiation mechanisms: non-thermal, BL Lacertae objects: general, gamma-rays: observations, gamma-rays: theory, Astrophysics - High Energy Astrophysical Phenomena},
         year = 2010,
        month = jan,
       volume = {401},
       number = {3},
        pages = {1570-1586},
          doi = {10.1111/j.1365-2966.2009.15784.x},
archivePrefix = {arXiv},
       eprint = {0909.0651},
 primaryClass = {astro-ph.HE},
       adsurl = {https://ui.adsabs.harvard.edu/abs/2010MNRAS.401.1570T},
      adsnote = {Provided by the SAO/NASA Astrophysics Data System}
}


@ARTICLE{2013ApJ...768...54B,

       author = {{B{\"o}ttcher}, M. and {Reimer}, A. and {Sweeney}, K. and {Prakash}, A.},
        title = "{Leptonic and Hadronic Modeling of Fermi-detected Blazars}",
      journal = {\apj},
     keywords = {galaxies: active, galaxies: jets, gamma rays: galaxies, radiation mechanisms: non-thermal, relativistic processes, Astrophysics - High Energy Astrophysical Phenomena},
         year = 2013,
        month = may,
       volume = {768},
       number = {1},
          eid = {54},
        pages = {54},
          doi = {10.1088/0004-637X/768/1/54},
archivePrefix = {arXiv},
       eprint = {1304.0605},
 primaryClass = {astro-ph.HE},
       adsurl = {https://ui.adsabs.harvard.edu/abs/2013ApJ...768...54B},
      adsnote = {Provided by the SAO/NASA Astrophysics Data System}
}

@ARTICLE{2018JPlPh..84c7501N,
       author = {{Nalewajko}, Krzysztof and {Yuan}, Yajie and
         {Chru{\'s}li{\'n}ska}, Martyna},
        title = "{Kinetic simulations of relativistic magnetic reconnection with synchrotron and inverse Compton cooling}",
      journal = {Journal of Plasma Physics},
     keywords = {astrophysical plasmas, plasma simulation, Astrophysics - High Energy Astrophysical Phenomena, Physics - Plasma Physics},
         year = 2018,
        month = jun,
       volume = {84},
       number = {3},
          eid = {755840301},
        pages = {755840301},
          doi = {10.1017/S0022377818000624},
archivePrefix = {arXiv},
       eprint = {1805.11102},
 primaryClass = {astro-ph.HE},
       adsurl = {https://ui.adsabs.harvard.edu/abs/2018JPlPh..84c7501N},
      adsnote = {Provided by the SAO/NASA Astrophysics Data System}
}

@ARTICLE{2018MNRAS.475.3797P,
       author = {{Petropoulou}, M. and {Christie}, I.~M. and {Sironi}, L. and
         {Giannios}, D.},
        title = "{Plasmoid statistics in relativistic magnetic reconnection}",
      journal = {\mnras},
     keywords = {accretion, accretion discs, magnetic reconnection, gamma-ray burst: general, galaxies: jets, Astrophysics - High Energy Astrophysical Phenomena},
         year = 2018,
        month = apr,
       volume = {475},
       number = {3},
        pages = {3797-3812},
          doi = {10.1093/mnras/sty033},
archivePrefix = {arXiv},
       eprint = {1710.00724},
 primaryClass = {astro-ph.HE},
       adsurl = {https://ui.adsabs.harvard.edu/abs/2018MNRAS.475.3797P},
      adsnote = {Provided by the SAO/NASA Astrophysics Data System}
}

@ARTICLE{2019ApJ...884..118L,
       author = {{Li}, Xiaocan and {Guo}, Fan and {Li}, Hui and {Stanier}, Adam and
         {Kilian}, Patrick},
        title = "{Formation of Power-law Electron Energy Spectra in Three-dimensional Low-{\ensuremath{\beta}} Magnetic Reconnection}",
      journal = {\apj},
     keywords = {Interplanetary particle acceleration, Solar magnetic reconnection, Solar flares, Solar corona, Space plasmas, Astrophysics - Solar and Stellar Astrophysics, Astrophysics - High Energy Astrophysical Phenomena, Physics - Plasma Physics, Physics - Space Physics},
         year = 2019,
        month = oct,
       volume = {884},
       number = {2},
          eid = {118},
        pages = {118},
          doi = {10.3847/1538-4357/ab4268},
archivePrefix = {arXiv},
       eprint = {1909.01911},
 primaryClass = {astro-ph.SR},
       adsurl = {https://ui.adsabs.harvard.edu/abs/2019ApJ...884..118L},
      adsnote = {Provided by the SAO/NASA Astrophysics Data System}
}

@ARTICLE{2018PhRvL.121y5101C,
       author = {{Comisso}, Luca and {Sironi}, Lorenzo},
        title = "{Particle Acceleration in Relativistic Plasma Turbulence}",
      journal = {\prl},
     keywords = {Astrophysics - High Energy Astrophysical Phenomena, Astrophysics - Solar and Stellar Astrophysics, Physics - Plasma Physics},
         year = 2018,
        month = dec,
       volume = {121},
       number = {25},
          eid = {255101},
        pages = {255101},
          doi = {10.1103/PhysRevLett.121.255101},
archivePrefix = {arXiv},
       eprint = {1809.01168},
 primaryClass = {astro-ph.HE},
       adsurl = {https://ui.adsabs.harvard.edu/abs/2018PhRvL.121y5101C},
      adsnote = {Provided by the SAO/NASA Astrophysics Data System}
}

@ARTICLE{2017PhRvL.118e5103Z,
       author = {{Zhdankin}, Vladimir and {Werner}, Gregory R. and {Uzdensky}, Dmitri A. and
         {Begelman}, Mitchell C.},
        title = "{Kinetic Turbulence in Relativistic Plasma: From Thermal Bath to Nonthermal Continuum}",
      journal = {\prl},
     keywords = {Physics - Plasma Physics, Astrophysics - High Energy Astrophysical Phenomena, Physics - Fluid Dynamics},
         year = 2017,
        month = feb,
       volume = {118},
       number = {5},
          eid = {055103},
        pages = {055103},
          doi = {10.1103/PhysRevLett.118.055103},
archivePrefix = {arXiv},
       eprint = {1609.04851},
 primaryClass = {physics.plasm-ph},
       adsurl = {https://ui.adsabs.harvard.edu/abs/2017PhRvL.118e5103Z},
      adsnote = {Provided by the SAO/NASA Astrophysics Data System}
}

@ARTICLE{2020ApJ...900..100R,
       author = {{Ripperda}, Bart and {Bacchini}, Fabio and {Philippov}, Alexander A.},
        title = "{Magnetic Reconnection and Hot Spot Formation in Black Hole Accretion Disks}",
      journal = {\apj},
     keywords = {Black Hole physics, Accretion, Magnetohydrodynamics, General relativity, Plasma astrophysics, 159, 14, 1964, 641, 1261, Astrophysics - High Energy Astrophysical Phenomena, General Relativity and Quantum Cosmology, Physics - Plasma Physics},
         year = 2020,
        month = sep,
       volume = {900},
       number = {2},
          eid = {100},
        pages = {100},
          doi = {10.3847/1538-4357/ababab},
archivePrefix = {arXiv},
       eprint = {2003.04330},
 primaryClass = {astro-ph.HE},
       adsurl = {https://ui.adsabs.harvard.edu/abs/2020ApJ...900..100R},
      adsnote = {Provided by the SAO/NASA Astrophysics Data System}
}



@ARTICLE{2015ApJ...815..101N,
       author = {{Nalewajko}, Krzysztof and {Uzdensky}, Dmitri A. and
         {Cerutti}, Beno{\^\i}t and {Werner}, Gregory R. and
         {Begelman}, Mitchell C.},
        title = "{On the Distribution of Particle Acceleration Sites in Plasmoid-dominated Relativistic Magnetic Reconnection}",
      journal = {\apj},
     keywords = {acceleration of particles, magnetic reconnection, Astrophysics - High Energy Astrophysical Phenomena},
         year = 2015,
        month = dec,
       volume = {815},
       number = {2},
          eid = {101},
        pages = {101},
          doi = {10.1088/0004-637X/815/2/101},
archivePrefix = {arXiv},
       eprint = {1508.02392},
 primaryClass = {astro-ph.HE},
       adsurl = {https://ui.adsabs.harvard.edu/abs/2015ApJ...815..101N},
      adsnote = {Provided by the SAO/NASA Astrophysics Data System}
}

@ARTICLE{2019ApJ...879L..23G,
       author = {{Guo}, Fan and {Li}, Xiaocan and {Daughton}, William and
         {Kilian}, Patrick and {Li}, Hui and {Liu}, Yi-Hsin and
         {Yan}, Wangcheng and {Ma}, Dylan},
        title = "{Determining the Dominant Acceleration Mechanism during Relativistic Magnetic Reconnection in Large-scale Systems}",
      journal = {\apjl},
     keywords = {acceleration of particles, galaxies: jets, magnetic reconnection, relativistic processes, gamma-ray burst: general, pulsars: general, Astrophysics - High Energy Astrophysical Phenomena, Astrophysics - Solar and Stellar Astrophysics, Physics - Plasma Physics, Physics - Space Physics},
         year = 2019,
        month = jul,
       volume = {879},
       number = {2},
          eid = {L23},
        pages = {L23},
          doi = {10.3847/2041-8213/ab2a15},
archivePrefix = {arXiv},
       eprint = {1901.08308},
 primaryClass = {astro-ph.HE},
       adsurl = {https://ui.adsabs.harvard.edu/abs/2019ApJ...879L..23G},
      adsnote = {Provided by the SAO/NASA Astrophysics Data System}
}

@ARTICLE{2011ApJ...737L..40U,
       author = {{Uzdensky}, Dmitri A. and {Cerutti}, Beno{\^\i}t and
         {Begelman}, Mitchell C.},
        title = "{Reconnection-powered Linear Accelerator and Gamma-Ray Flares in the Crab Nebula}",
      journal = {\apjl},
     keywords = {acceleration of particles, gamma rays: stars, ISM: individual objects: Crab nebula, magnetic reconnection, pulsars: individual: Crab, radiation mechanisms: non-thermal, Astrophysics - High Energy Astrophysical Phenomena, Physics - Plasma Physics},
         year = 2011,
        month = aug,
       volume = {737},
       number = {2},
          eid = {L40},
        pages = {L40},
          doi = {10.1088/2041-8205/737/2/L40},
archivePrefix = {arXiv},
       eprint = {1105.0942},
 primaryClass = {astro-ph.HE},
       adsurl = {https://ui.adsabs.harvard.edu/abs/2011ApJ...737L..40U},
      adsnote = {Provided by the SAO/NASA Astrophysics Data System}
}

@ARTICLE{2017ApJ...843...21L,
       author = {{Li}, Xiaocan and {Guo}, Fan and {Li}, Hui and {Li}, Gang},
        title = "{Particle Acceleration during Magnetic Reconnection in a Low-beta Plasma}",
      journal = {\apj},
     keywords = {acceleration of particles, accretion, accretion disks, magnetic reconnection, Sun: corona, Sun: flares},
         year = 2017,
        month = jul,
       volume = {843},
       number = {1},
          eid = {21},
        pages = {21},
          doi = {10.3847/1538-4357/aa745e},
       adsurl = {https://ui.adsabs.harvard.edu/abs/2017ApJ...843...21L},
      adsnote = {Provided by the SAO/NASA Astrophysics Data System}
}

@ARTICLE{2014PhRvL.112t5003K,
       author = {{Kunz}, Matthew W. and {Schekochihin}, Alexander A. and
         {Stone}, James M.},
        title = "{Firehose and Mirror Instabilities in a Collisionless Shearing Plasma}",
      journal = {\prl},
     keywords = {52.35.Py, 52.65.Ww, 94.05.-a, 95.30.Qd, Macroinstabilities, Hybrid methods, Space plasma physics, Magnetohydrodynamics and plasmas, Astrophysics - High Energy Astrophysical Phenomena, Physics - Plasma Physics, Physics - Space Physics},
         year = 2014,
        month = may,
       volume = {112},
       number = {20},
          eid = {205003},
        pages = {205003},
          doi = {10.1103/PhysRevLett.112.205003},
archivePrefix = {arXiv},
       eprint = {1402.0010},
 primaryClass = {astro-ph.HE},
       adsurl = {https://ui.adsabs.harvard.edu/abs/2014PhRvL.112t5003K},
      adsnote = {Provided by the SAO/NASA Astrophysics Data System}
}


@ARTICLE{2011PhPl...18e2105L,
       author = {{Liu}, Wei and {Li}, Hui and {Yin}, Lin and {Albright}, B.~J. and
         {Bowers}, K.~J. and {Liang}, Edison P.},
        title = "{Particle energization in 3D magnetic reconnection of relativistic pair plasmas}",
      journal = {Physics of Plasmas},
     keywords = {kink instability, magnetic reconnection, plasma simulation, plasma transport processes, relativistic plasmas, tearing instability, 52.35.Vd, 52.27.Ny, 52.30.Cv, 52.25.Fi, 52.27.Ep, 52.35.Py, Magnetic reconnection, Relativistic plasmas, Magnetohydrodynamics, Transport properties, Electron-positron plasmas, Macroinstabilities, Astrophysics - High Energy Astrophysical Phenomena, Astrophysics - Solar and Stellar Astrophysics, Physics - Plasma Physics},
         year = 2011,
        month = may,
       volume = {18},
       number = {5},
        pages = {052105-052105},
          doi = {10.1063/1.3589304},
archivePrefix = {arXiv},
       eprint = {1005.2435},
 primaryClass = {astro-ph.HE},
       adsurl = {https://ui.adsabs.harvard.edu/abs/2011PhPl...18e2105L},
      adsnote = {Provided by the SAO/NASA Astrophysics Data System}
}

@ARTICLE{2016MNRAS.457.2401C,
       author = {{Cerutti}, Beno{\^\i}t and {Philippov}, Alexander A. and
         {Spitkovsky}, Anatoly},
        title = "{Modelling high-energy pulsar light curves from first principles}",
      journal = {\mnras},
     keywords = {acceleration of particles, magnetic reconnection, radiation mechanisms: non-thermal, methods: numerical, pulsars: general, stars: winds, outflows, Astrophysics - High Energy Astrophysical Phenomena},
         year = 2016,
        month = apr,
       volume = {457},
       number = {3},
        pages = {2401-2414},
          doi = {10.1093/mnras/stw124},
archivePrefix = {arXiv},
       eprint = {1511.01785},
 primaryClass = {astro-ph.HE},
       adsurl = {https://ui.adsabs.harvard.edu/abs/2016MNRAS.457.2401C},
      adsnote = {Provided by the SAO/NASA Astrophysics Data System}
}

@ARTICLE{2016PhRvL.116j5003U,
       author = {{Uzdensky}, D.~A. and {Loureiro}, N.~F.},
        title = "{Magnetic Reconnection Onset via Disruption of a Forming Current Sheet by the Tearing Instability}",
      journal = {\prl},
     keywords = {Astrophysics - Solar and Stellar Astrophysics, Astrophysics - High Energy Astrophysical Phenomena, Physics - Plasma Physics, Physics - Space Physics},
         year = 2016,
        month = mar,
       volume = {116},
       number = {10},
          eid = {105003},
        pages = {105003},
          doi = {10.1103/PhysRevLett.116.105003},
archivePrefix = {arXiv},
       eprint = {1411.4295},
 primaryClass = {astro-ph.SR},
       adsurl = {https://ui.adsabs.harvard.edu/abs/2016PhRvL.116j5003U},
      adsnote = {Provided by the SAO/NASA Astrophysics Data System}
}

@ARTICLE{2012MNRAS.424.2023P,
       author = {{P{\'e}tri}, J{\'e}r{\^o}me},
        title = "{High-energy emission from the pulsar striped wind: a synchrotron model
        for gamma-ray pulsars}",
      journal = {\mnras},
     keywords = {Acceleration of particles, magnetic fields, MHD, radiation mechanisms:
        non-thermal, pulsars: general, Astrophysics - High Energy
        Astrophysical Phenomena},
         year = 2012,
        month = Aug,
       volume = {424},
        pages = {2023-2027},
          doi = {10.1111/j.1365-2966.2012.21350.x},
archivePrefix = {arXiv},
       eprint = {1205.5101},
       adsurl = {https://ui.adsabs.harvard.edu/#abs/2012MNRAS.424.2023P},
      adsnote = {Provided by the SAO/NASA Astrophysics Data System}
}
@ARTICLE{PSAS18,
   author = {{Philippov}, A.~A. and {Spitkovsky}, A.},
    title = "{Ab-initio Pulsar Magnetosphere: Particle Acceleration in Oblique Rotators and High-energy Emission Modeling}",
  journal = {\apj},
archivePrefix = "arXiv",
   eprint = {1707.04323},
 primaryClass = "astro-ph.HE",
 keywords = {plasmas, pulsars: general, stars: magnetic field, stars: rotation },
     year = 2018,
    month = mar,
   volume = 855,
      eid = {94},
    pages = {94},
      doi = {10.3847/1538-4357/aaabbc},
   adsurl = {http://adsabs.harvard.edu/abs/2018ApJ...855...94P},
  adsnote = {Provided by the SAO/NASA Astrophysics Data System}
}
@ARTICLE{2017ApJ...850..141B,
       author = {{Beloborodov}, Andrei M.},
        title = "{Radiative Magnetic Reconnection Near Accreting Black Holes}",
      journal = {\apj},
     keywords = {accretion, accretion disks, magnetic reconnection, radiation mechanisms:
        general, Astrophysics - High Energy Astrophysical Phenomena},
         year = 2017,
        month = Dec,
       volume = {850},
          eid = {141},
        pages = {141},
          doi = {10.3847/1538-4357/aa8f4f},
       adsurl = {https://ui.adsabs.harvard.edu/#abs/2017ApJ...850..141B},
      adsnote = {Provided by the SAO/NASA Astrophysics Data System}
}

@ARTICLE{2016MNRAS.462...48S,
       author = {{Sironi}, Lorenzo and {Giannios}, Dimitrios and {Petropoulou}, Maria},
        title = "{Plasmoids in relativistic reconnection, from birth to adulthood: first they grow, then they go}",
      journal = {\mnras},
     keywords = {magnetic reconnection, MHD, radiation mechanisms: non-thermal, gamma-ray burst: general, pulsars: general, galaxies: jets, Astrophysics - High Energy Astrophysical Phenomena, Physics - Plasma Physics},
         year = 2016,
        month = oct,
       volume = {462},
       number = {1},
        pages = {48-74},
          doi = {10.1093/mnras/stw1620},
archivePrefix = {arXiv},
       eprint = {1605.02071},
 primaryClass = {astro-ph.HE},
       adsurl = {https://ui.adsabs.harvard.edu/abs/2016MNRAS.462...48S},
      adsnote = {Provided by the SAO/NASA Astrophysics Data System}
}

@ARTICLE{1996A&A...311..172L,
       author = {{Lyubarskii}, Y.~E.},
        title = "{A model for the energetic emission from pulsars.}",
      journal = {\aap},
     keywords = {STARS: MAGNETIC FIELDS, PLASMAS, RADIATION MECHANISMS: NONTHERMAL, PULSARS: GENERAL},
         year = 1996,
        month = jul,
       volume = {311},
        pages = {172-178},
       adsurl = {https://ui.adsabs.harvard.edu/abs/1996A&A...311..172L},
      adsnote = {Provided by the SAO/NASA Astrophysics Data System}
}

@ARTICLE{2014ApJ...780....3U,
       author = {{Uzdensky}, Dmitri A. and {Spitkovsky}, Anatoly},
        title = "{Physical Conditions in the Reconnection Layer in Pulsar Magnetospheres}",
      journal = {\apj},
     keywords = {gamma rays: stars, magnetic reconnection, pulsars: general, pulsars: individual: Crab, radiation mechanisms: non-thermal, relativistic processes, Astrophysics - High Energy Astrophysical Phenomena, Physics - Plasma Physics},
         year = 2014,
        month = jan,
       volume = {780},
       number = {1},
          eid = {3},
        pages = {3},
          doi = {10.1088/0004-637X/780/1/3},
archivePrefix = {arXiv},
       eprint = {1210.3346},
 primaryClass = {astro-ph.HE},
       adsurl = {https://ui.adsabs.harvard.edu/abs/2014ApJ...780....3U},
      adsnote = {Provided by the SAO/NASA Astrophysics Data System}
}

@ARTICLE{2015ApJ...809...55B,
       author = {{Bai}, Xue-Ning and {Caprioli}, Damiano and {Sironi}, Lorenzo and
         {Spitkovsky}, Anatoly},
        title = "{Magnetohydrodynamic-particle-in-cell Method for Coupling Cosmic Rays with a Thermal Plasma: Application to Non-relativistic Shocks}",
      journal = {\apj},
     keywords = {acceleration of particles, instabilities, magnetohydrodynamics: MHD, methods: numerical, plasmas, shock waves, Astrophysics - High Energy Astrophysical Phenomena, Astrophysics - Instrumentation and Methods for Astrophysics},
         year = 2015,
        month = aug,
       volume = {809},
       number = {1},
          eid = {55},
        pages = {55},
          doi = {10.1088/0004-637X/809/1/55},
archivePrefix = {arXiv},
       eprint = {1412.1087},
 primaryClass = {astro-ph.HE},
       adsurl = {https://ui.adsabs.harvard.edu/abs/2015ApJ...809...55B},
      adsnote = {Provided by the SAO/NASA Astrophysics Data System}
}

@ARTICLE{2003NewAR..47..513L,
       author = {{Lyutikov}, Maxim},
        title = "{Role of reconnection in AGN jets}",
      journal = {\nar},
     keywords = {Astrophysics},
         year = 2003,
        month = oct,
       volume = {47},
       number = {6-7},
        pages = {513-515},
          doi = {10.1016/S1387-6473(03)00083-6},
archivePrefix = {arXiv},
       eprint = {astro-ph/0211338},
 primaryClass = {astro-ph},
       adsurl = {https://ui.adsabs.harvard.edu/abs/2003NewAR..47..513L},
      adsnote = {Provided by the SAO/NASA Astrophysics Data System}
}

@ARTICLE{2010A&A...518A...5D,
       author = {{de Gouveia Dal Pino}, E.~M. and {Piovezan}, P.~P. and
         {Kadowaki}, L.~H.~S.},
        title = "{The role of magnetic reconnection on jet/accretion disk systems}",
      journal = {\aap},
     keywords = {acceleration of particles, accretion, accretion disks, black hole physics, magnetic fields, galaxies: jets, Astrophysics - High Energy Astrophysical Phenomena},
         year = 2010,
        month = jul,
       volume = {518},
          eid = {A5},
        pages = {A5},
          doi = {10.1051/0004-6361/200913462},
archivePrefix = {arXiv},
       eprint = {1005.3067},
 primaryClass = {astro-ph.HE},
       adsurl = {https://ui.adsabs.harvard.edu/abs/2010A&A...518A...5D},
      adsnote = {Provided by the SAO/NASA Astrophysics Data System}
}

@ARTICLE{2014PhPl...21e2307D,
       author = {{Daughton}, W. and {Nakamura}, T.~K.~M. and {Karimabadi}, H. and
         {Roytershteyn}, V. and {Loring}, B.},
        title = "{Computing the reconnection rate in turbulent kinetic layers by using electron mixing to identify topology}",
      journal = {Physics of Plasmas},
         year = 2014,
        month = may,
       volume = {21},
       number = {5},
          eid = {052307},
        pages = {052307},
          doi = {10.1063/1.4875730},
       adsurl = {https://ui.adsabs.harvard.edu/abs/2014PhPl...21e2307D},
      adsnote = {Provided by the SAO/NASA Astrophysics Data System}
}

@ARTICLE{1990ApJ...349..538C,
       author = {{Coroniti}, F.~V.},
        title = "{Magnetically Striped Relativistic Magnetohydrodynamic Winds: The Crab Nebula Revisited}",
      journal = {\apj},
     keywords = {Crab Nebula, Magnetohydrodynamic Flow, Relativistic Plasmas, Stellar Winds, Astronomical Models, Computational Astrophysics, Pulsars, Astrophysics, HYDROMAGNETICS, NEBULAE: CRAB NEBULA, PULSARS, RELATIVITY, STARS: WINDS},
         year = 1990,
        month = feb,
       volume = {349},
        pages = {538},
          doi = {10.1086/168340},
       adsurl = {https://ui.adsabs.harvard.edu/abs/1990ApJ...349..538C},
      adsnote = {Provided by the SAO/NASA Astrophysics Data System}
}

@ARTICLE{2020ApJ...899...52S,
       author = {{Sironi}, Lorenzo and {Beloborodov}, Andrei M.},
        title = "{Kinetic Simulations of Radiative Magnetic Reconnection in the Coronae of Accreting Black Holes}",
      journal = {\apj},
     keywords = {Astrophysical black holes, Stellar accretion disks, Accretion, Solar magnetic reconnection, Relativistic jets, Relativistic disks, 98, 1579, 14, 1504, 1390, 1388, Astrophysics - High Energy Astrophysical Phenomena, Physics - Plasma Physics},
         year = 2020,
        month = aug,
       volume = {899},
       number = {1},
          eid = {52},
        pages = {52},
          doi = {10.3847/1538-4357/aba622},
archivePrefix = {arXiv},
       eprint = {1908.08138},
 primaryClass = {astro-ph.HE},
       adsurl = {https://ui.adsabs.harvard.edu/abs/2020ApJ...899...52S},
      adsnote = {Provided by the SAO/NASA Astrophysics Data System}
}

@ARTICLE{2017ApJ...850...29R,
       author = {{Rowan}, Michael E. and {Sironi}, Lorenzo and {Narayan}, Ramesh},
        title = "{Electron and Proton Heating in Transrelativistic Magnetic Reconnection}",
      journal = {\apj},
     keywords = {acceleration of particles, accretion, accretion disks, galaxies: jets, magnetic reconnection, radiation mechanisms: non-thermal, X-rays: binaries, Astrophysics - High Energy Astrophysical Phenomena, Physics - Plasma Physics},
         year = 2017,
        month = nov,
       volume = {850},
       number = {1},
          eid = {29},
        pages = {29},
          doi = {10.3847/1538-4357/aa9380},
archivePrefix = {arXiv},
       eprint = {1708.04627},
 primaryClass = {astro-ph.HE},
       adsurl = {https://ui.adsabs.harvard.edu/abs/2017ApJ...850...29R},
      adsnote = {Provided by the SAO/NASA Astrophysics Data System}
}

@ARTICLE{2006A&A...450..887G,
       author = {{Giannios}, D. and {Spruit}, H.~C.},
        title = "{The role of kink instability in Poynting-flux dominated jets}",
      journal = {\aap},
     keywords = {magnetohydrodynamics (MHD), instabilities, gamma rays: bursts, quasars: general, Astrophysics},
         year = 2006,
        month = may,
       volume = {450},
       number = {3},
        pages = {887-898},
          doi = {10.1051/0004-6361:20054107},
archivePrefix = {arXiv},
       eprint = {astro-ph/0601172},
 primaryClass = {astro-ph},
       adsurl = {https://ui.adsabs.harvard.edu/abs/2006A&A...450..887G},
      adsnote = {Provided by the SAO/NASA Astrophysics Data System}
}

@ARTICLE{2017MNRAS.469.4957B,
       author = {{Barniol Duran}, Rodolfo and {Tchekhovskoy}, Alexander and
         {Giannios}, Dimitrios},
        title = "{Simulations of AGN jets: magnetic kink instability versus conical shocks}",
      journal = {\mnras},
     keywords = {instabilities, magnetic fields, MHD, galaxies: active, galaxies: jets, Astrophysics - High Energy Astrophysical Phenomena},
         year = 2017,
        month = aug,
       volume = {469},
       number = {4},
        pages = {4957-4978},
          doi = {10.1093/mnras/stx1165},
archivePrefix = {arXiv},
       eprint = {1612.06929},
 primaryClass = {astro-ph.HE},
       adsurl = {https://ui.adsabs.harvard.edu/abs/2017MNRAS.469.4957B},
      adsnote = {Provided by the SAO/NASA Astrophysics Data System}
}

@ARTICLE{2018MNRAS.474.3535G,
       author = {{Gill}, Ramandeep and {Granot}, Jonathan and {Lyubarsky}, Yuri},
        title = "{2D Relativistic MHD simulations of the Kruskal-Schwarzschild instability in a relativistic striped wind}",
      journal = {\mnras},
     keywords = {instabilities, magnetic reconnection, MHD, plasmas, stars: jets, Astrophysics - High Energy Astrophysical Phenomena},
         year = 2018,
        month = mar,
       volume = {474},
       number = {3},
        pages = {3535-3546},
          doi = {10.1093/mnras/stx3000},
archivePrefix = {arXiv},
       eprint = {1708.03110},
 primaryClass = {astro-ph.HE},
       adsurl = {https://ui.adsabs.harvard.edu/abs/2018MNRAS.474.3535G},
      adsnote = {Provided by the SAO/NASA Astrophysics Data System}
}

@ARTICLE{2012MNRAS.422.2474D,
       author = {{Drury}, L. O'C.},
        title = "{First-order Fermi acceleration driven by magnetic reconnection}",
      journal = {\mnras},
     keywords = {acceleration of particles, magnetic reconnection, Astrophysics - High Energy Astrophysical Phenomena},
         year = 2012,
        month = may,
       volume = {422},
       number = {3},
        pages = {2474-2476},
          doi = {10.1111/j.1365-2966.2012.20804.x},
archivePrefix = {arXiv},
       eprint = {1201.6612},
 primaryClass = {astro-ph.HE},
       adsurl = {https://ui.adsabs.harvard.edu/abs/2012MNRAS.422.2474D},
      adsnote = {Provided by the SAO/NASA Astrophysics Data System}
}

@ARTICLE{2017PhPl...24f2906M,
       author = {{Montag}, P. and {Egedal}, J. and {Lichko}, E. and {Wetherton}, B.},
        title = "{Impact of compressibility and a guide field on Fermi acceleration during magnetic island coalescence}",
      journal = {Physics of Plasmas},
         year = 2017,
        month = jun,
       volume = {24},
       number = {6},
          eid = {062906},
        pages = {062906},
          doi = {10.1063/1.4985302},
       adsurl = {https://ui.adsabs.harvard.edu/abs/2017PhPl...24f2906M},
      adsnote = {Provided by the SAO/NASA Astrophysics Data System}
}

